@inproceedings{sharafaldin2018toward,
  title={Toward Generating a New Intrusion Detection Dataset and Intrusion Traffic Characterization},
  author={Sharafaldin, Iman and Lashkari, Arash Habibi and Ghorbani, Ali A},
  booktitle={Proceedings of the 4th International Conference on Information Systems Security and Privacy (ICISSP)},
  year={2018},
  organization={Portugal}
}

@article{garcia2014empirical,
  title={An empirical comparison of botnet detection methods},
  author={Garc√≠a, Sebastian and Grill, Martin and Stiborek, Jan and Zunino, Alejandro},
  journal={Computers \& Security},
  volume={45},
  pages={100--123},
  year={2014},
  publisher={Elsevier}
}

@misc{cicids2017,
  author = {{Canadian Institute for Cybersecurity}},
  title = {CICIDS2017 Dataset},
  year = {2017},
  howpublished = {\url{https://www.unb.ca/cic/datasets/ids-2017.html}}
}

@misc{ctu13,
  author = {{Czech Technical University}},
  title = {CTU-13 Dataset},
  year = {2013},
  howpublished = {\url{https://www.stratosphereips.org/datasets-ctu13}}
}
